@Article{djouadi,
title="{The MSSM Higgs sector at a high M$_{SUSY}$: reopening the low tan$\beta$ regime and the heavy Higgs searches}",
author = " {A.~Djouadi, J.~Quevillon }",
year = "2013",
url = "arXiv:1304.1787v2",
primaryClass   = "hep-ph"
}

@article{Chatrchyan201230,
title = "{Observation of a new boson at a mass of 125 GeV with the CMS experiment at the LHC} ",
journal = "Physics Letters B ",
volume = "716",
number = "1",
pages = "30 - 61",
year = "2012",
note = "",
issn = "0370-2693",
doi = "http://dx.doi.org/10.1016/j.physletb.2012.08.021",
url = "http://www.sciencedirect.com/science/article/pii/S0370269312008581",
collaboration = "CMS"
}

@Article{salam,
title = "{Scale-invariant resonance tagging in multijet events and new physics in Higgs pair production} ",
year = "2013",
url = "arXiv:1303.6636"
author = "{M.~Gouzevitch, A.~Oliveira, J.~Rojo, R.~Rosenfeld, G.~Salam, V.~Sanz}"
}

@Article{Chatrchyan:2008aa,
      author         = "Chatrchyan, S. and others",
      title          = "{The CMS experiment at the CERN LHC}",
      collaboration  = "CMS",
      journal        = "JINST",
      volume         = "3",
      pages          = "S08004",
      doi            = "10.1088/1748-0221/3/08/S08004",
      year           = "2008",
      SLACcitation   = "%%CITATION = JINST,3,S08004;%%",
}

@Article{sns,
title = "{Exploring the Higgs sector of a most natural NMSSM} ",
year = "2013",
url = "arXiv:1304.3670v1"
author = "{ R.~Barbieri, D.~Buttazzo, K.~Kannik, F.~Sala, A.~Tesi}"
}

@Article{marghe,
author = " {R.~Contino, M.~Ghezzi, M.~Moretti, G.~Panico, F.~Piccinini, A.~Wulzer}",
title = "{Anomalous Couplings in Double Higgs Production} ",
year = "2012",
url = "arXiv:1205.5444"
}

@Article{Aad20121,
title = "Observation of a new particle in the search for the Standard Model Higgs boson with the \{ATLAS\} detector at the \{LHC\} ",
journal = "Physics Letters B ",
volume = "716",
number = "1",
pages = "1 - 29",
year = "2012",
note = "",
issn = "0370-2693",
doi = "http://dx.doi.org/10.1016/j.physletb.2012.08.020",
url = "http://www.sciencedirect.com/science/article/pii/S037026931200857X",
collaboration = "ATLAS"
}

@Article{radion,
  title = {Radion phenomenology in realistic warped space Model},
  author = {Cs\'aki, Csaba and Hubisz, Jay and Lee, Seung J.},
  journal = {Phys. Rev. D},
  volume = {76},
  issue = {12},
  pages = {125015},
  numpages = {15},
  year = {2007},
  month = {Dec},
  doi = {10.1103/PhysRevD.76.125015},
  url = {http://link.aps.org/doi/10.1103/PhysRevD.76.125015},
  publisher = {American Physical Society}
}

@Article{Cao:2013si,
      author         = "Cao, Junjie and Heng, Zhaoxia and Shang, Liangliang and
                        Wan, Peihua and Yang, Jin Min",
      title          = "{Pair Production of a 125 GeV Higgs Boson in MSSM and
                        NMSSM at the LHC}",
      journal        = "JHEP",
      volume         = "1304",
      pages          = "134",
      doi            = "10.1007/JHEP04(2013)134",
      year           = "2013",
      eprint         = "1301.6437",
      archivePrefix  = "arXiv",
      primaryClass   = "hep-ph",
      SLACcitation   = "%%CITATION = ARXIV:1301.6437;%%",
}

@Article{PVDA,
     author    = "{W. Erdmann, M. LeBourgeois, B. Mangano}",
     title     = "{Tracking and Vertexing}", 
     journal   = "{note in preparation}",
     year = "2011"
}

@Article{FastJet,
     author    = "{R. Salam}",
     title     = "FastJet package", 
     journal   = "{http://www.lpthe.jussieu.fr/salam/fastjet}",
     year = "2011"
}

@Article{cdfFunction,
  title = "{Search for new particles decaying into dijets in proton-antiproton collisions at $\sqrt{s}=1.96\text{\,}\text{\,}\mathrm{TeV}$}",
  collaboration = "{CDF }",
  journal = "{Phys. Rev. D}",
  volume = {79},
  issue = {11},
  pages = {112002},
  numpages = {10},
  year = {2009},
  month = {Jun},
  doi = {10.1103/PhysRevD.79.112002},
  url = {http://link.aps.org/doi/10.1103/PhysRevD.79.112002},
  publisher = {American Physical Society}
}
% update to the JEC
@article{CMS-DP-2012-006,
      AUTHOR        = "{CMS Collaboration}",
      COLLABORATION = "{CMS}",
      TITLE         = "Jet Energy Scale performance in 2011",
      URL           = "http://cdsweb.cern.ch/record/1454659/",
      JOURNAL       = "CMS Detector Performance Summary",
      VOLUME        = "CMS-DP-2012-006",
      MONTH         = "May",
      YEAR          = "2012",
} 
@article{vh,
      AUTHOR        = "{CMS Collaboration}",
      COLLABORATION = "{CMS}",
      TITLE         = "Search for the standard model Higgs boson produced in
association with W or Z bosons, and decaying to bottom quarks",
%      URL           = "http://cdsweb.cern.ch/record/1454659/",
%      JOURNAL       = "CMS Detector Performance Summary",
      VOLUME        = "CMS-HIG-2012-013",
%      MONTH         = "May",
      YEAR          = "2012",
} 

@article{vbf,
      AUTHOR        = "{CMS Collaboration}",
      COLLABORATION = "{CMS}",
      TITLE         = "Search for the standard model Higgs boson produced in vector boson fusion, and decaying to bottom quarks",
%      URL           = "http://cdsweb.cern.ch/record/1454659/",
%      JOURNAL       = "CMS Detector Performance Summary",
      VOLUME        = "CMS-HIG-2012-011",
%      MONTH         = "May",
      YEAR          = "2012",
} 
@article{cdf,
      AUTHOR        = "{T.~Aaltonen, A.~Buzatu, B.~Kilminster, Y.~Nagai, W.~Yao}",
        TITLE         = "Improved b-jet Energy Correction for H$\rightarrow b\bar{b}$ Searches at CDF",
%      URL           = "http://cdsweb.cern.ch/record/1454659/",
%      JOURNAL       = "CMS Detector Performance Summary",
%      VOLUME        = "CMS-HIG-2012-011",
%      MONTH         = "May",
     eprint         = "1107.3026v1",
      archivePrefix  = "arXiv",
      primaryClass   = "hep-ex",

 
      YEAR          = "2011",
} 



@ARTICLE{CMS-PAS-JME-10-003,
      AUTHOR      = "{CMS Collaboration}",
      COLLABORATION = {CMS},
      TITLE       = "Jet Performance in pp Collisions at $\sqrt{s}$=7 {TeV}",
      URL         = "http://cdsweb.cern.ch/record/1279362",
      JOURNAL     = "CMS Physics Analysis Summary",
      VOLUME      = "CMS-PAS-JME-10-003",
      YEAR        = "2010"
}


@ARTICLE{CMS-DP-2013-005,
      AUTHOR      = "{CMS Collaboration}",
      COLLABORATION = {CMS},
      TITLE       = "Results on b-tagging identification in 8 TeV pp collisions",
      URL         = "http://cdsweb.cern.ch/record/1528183",
      JOURNAL     = "CMS Physics Analysis Summary",
      VOLUME      = "CMS-PAS-DP-13-005",
      YEAR        = "2013"
}


@ARTICLE{JME-10-014,
      AUTHOR      = "{CMS Collaboration}",
      COLLABORATION = {CMS},
      TITLE       = "Jet Energy Resolution in pp Collisions at $\sqrt{s}$=7 {TeV}",
      URL         = "http://cms-physics.web.cern.ch/cms-physics/public/JME-10-014-pas.pdf",
      JOURNAL     = "CMS Physics Analysis Summary",
      VOLUME      = "CMS-PAS-JME-10-014",
      YEAR        = "2010"
}

@techreport{CMS-PAS-EGM-10-004,
      AUTHOR        = "{CMS Collaboration}",
      COLLABORATION = "{CMS}",
      TITLE         = "Electron reconstruction and identification at $\sqrt{s}$ = 7 TeV",
      URL           = "http://cdsweb.cern.ch/record/1299116",
          TYPE = {CMS Physics Analysis Summary},
      JOURNAL       = "CMS Physics Analysis Summary",
      NUMBER        = "CMS-PAS-EGM-10-004",
      YEAR          = "2010"
}
@ARTICLE{CMS-PAS-BTV-09-001,
      AUTHOR      = "{CMS Collaboration}",
      COLLABORATION = {CMS},
      TITLE       = "Algorithms for b jet identification in CMS",
      URL         = "http://cms-physics.web.cern.ch/cms-physics/public/BTV-09-001-pas.pdf",
      JOURNAL     = "CMS Physics Analysis Summary",
      VOLUME      = "CMS-PAS-BTV-09-001",
      YEAR        = "2009"
}
@Article{FastJet,
     author    = "{R. Salam}",
     title     = "FastJet package",
     journal   = "{http://www.lpthe.jussieu.fr/salam/fastjet}",
     year = "2011"
}

@Article{antikt,
     author    = "Cacciari, Matteo and Salam, Gavin P. and Soyez, Gregory",
     title     = "{The anti-$k_t$ jet clustering algorithm}",
     journal   = "JHEP",
     volume    = "04",
     year      = "2008",
     pages     = "063",
     eprint    = "0802.1189",
     archivePrefix = "arXiv",
     primaryClass  =  "hep-ph"
}

@Article{jes,
     author    = "{CMS Collaboration}",
     title     = "{Jet Energy Calibration with Photon+Jet Events}",
     journal   = "PAS JME-09-004",
     year = "2009"
}

@TECHREPORT{KinFit,
     AUTHOR       = "{J.~D'Hondt, S.~Lowette, O.~Buchmuller, S.~Cucciarrelli, F.~P.~Schilling, M.~Spiropulu, S.~Paktinat Mehdiabadi, D.~Benedetti, L.~Pape }",
     TITLE        = "Fitting of Event Topologies with External Kinematic Constraints in CMS",
     TYPE      = "CMS Note",
     NUMBER       = "2006/023",
     YEAR         = "2006"}

@TECHREPORT{jetRES,
     AUTHOR       = "{A.~Heister, O.~Kodolova, V.~Konoplianikov, S.~Petrushanko, J.~Rohlf, C.~Tully, A.~Ulyanov}",
     TITLE        = "Measurement of Jets with the {CMS} Detector at the LHC",
     TYPE      = "CMS Note",
     NUMBER       = "2005/036",
     YEAR         = "2005"}
@Article{PUreweight,
     author    = "{Pileup reweighting procedure}",
     title     = "{https://twiki.cern.ch/twiki/bin/viewauth/CMS/PileupReweighting}",
     journal   = "{https://twiki.cern.ch/twiki/bin/viewauth/CMS/PileupReweighting}",
     year = "2011"
}
@article{Madgraph_Alwall:2011uj,
      author         = "Alwall, Johan and Herquet, Michel and Maltoni, Fabio and
                        Mattelaer, Olivier and Stelzer, Tim",
      title          = "{MadGraph 5 : Going Beyond}",
      journal        = "JHEP",
      volume         = "06",
      pages          = "128",
      doi            = "10.1007/JHEP06(2011)128",
      year           = "2011",
      eprint         = "1106.0522",
      archivePrefix  = "arXiv",
      primaryClass   = "hep-ph",
      reportNumber   = "FERMILAB-PUB-11-448-T",
      SLACcitation   = "%%CITATION = ARXIV:1106.0522;%%",
}

@ARTICLE{Pythia6-0,
     AUTHOR       = "Sjostrand, T. and Mrenna, S. and Skands, P.",
     TITLE        = "PYTHIA 6.4 physics and manual",
     JOURNAL      = "J. High Energy Phys.",
     VOLUME       = "0605",
     YEAR         = "2006",
     pages        = "026",
     doi          = "10.1088/1126-6708/2006/05/026",
}

@phdthesis{CrystalBall,
     AUTHOR = "Gaiser, J. E.",
     TITLE = "Charmonium Spectroscopy from Radiative Decays of the J/Psi and Psi-prime",
     SCHOOL = "Stanford University, Stanford, California",
     YEAR = "1982",
     pages = 178
}


@ARTICLE{ATLAS4b,
     TITLE        = "A search for resonant Higgs-pair production in the $bb\bar{b}\bar{b}$ ﬁnal state in pp collisions at $\sqrt{s} =$ 8 TeV",
     collaboration = {Atlas },
     JOURNAL      = "ATLAS-CONF-2014-005"
}
@ARTICLE{CMSbbgg,
     TITLE        = "Search for the resonant production of two Higgs bosons in the final state with two photons and two bottom quarks in pp collisions at $\sqrt{s} =$ 8 TeV",
     collaboration = {CMS },
     JOURNAL      = "HIG-13-032"
}

@Article{CDF2009,
     title = {"Search for new particles decaying into dijets in proton-antiproton collisions at 1.96 TeV"},
     collaboration = {CDF },
     journal = {Phys. Rev. D},
     volume = {79},
     issue = {11},
     pages = {112002},
     numpages = {10},
     year = {2009},
     month = {Jun},
     publisher = {American Physical Society},
     doi = {10.1103/PhysRevD.79.112002},
     url = {http://link.aps.org/doi/10.1103/PhysRevD.79.112002}
}
@article{Giudice,
      author         = "Giudice, Gian F. and Rattazzi, Riccardo and Wells, James
                        D.",
      title          = "{Graviscalars from higher dimensional metrics and
                        curvature Higgs mixing}",
      journal        = "Nucl.Phys.",
      volume         = "B595",
      pages          = "250-276",
      doi            = "10.1016/S0550-3213(00)00686-6",
      year           = "2001",
      eprint         = "hep-ph/0002178",
      archivePrefix  = "arXiv",
      primaryClass   = "hep-ph",
      reportNumber   = "CERN-TH-2000-051, SNS-PH-2000-03, UCD-2000-7, LBNL-45201,
                        LBL-45201",
      SLACcitation   = "%%CITATION = HEP-PH/0002178;%%",
}

@article{Dominici,
      author         = "Dominici, Daniele and Grzadkowski, Bohdan and Gunion,
                        John F. and Toharia, Manuel",
      title          = "{The Scalar sector of the Randall-Sundrum model}",
      journal        = "Nucl.Phys.",
      volume         = "B671",
      pages          = "243-292",
      doi            = "10.1016/j.nuclphysb.2003.08.020",
      year           = "2003",
      eprint         = "hep-ph/0206192",
      archivePrefix  = "arXiv",
      primaryClass   = "hep-ph",
      reportNumber   = "UCD-02-08",
      SLACcitation   = "%%CITATION = HEP-PH/0206192;%%",
}
